@ARTICLE{Proch2014CNF,
    author = {Proch, Fabian and Kempf, Andreas M.},
     title = {Numerical analysis of the {C}ambridge stratified flame series
using artificial thickened flame {LES} with tabulated premixed chemistry},
   journal = {submitted to Combustion and Flame},
      year = {2013}
}

@ARTICLE{Pettit2011PCI,
  author = {Pettit, M. and Coriton, B. and Gomez, A. and Kempf, Andreas M.},
  title = {Large-Eddy Simulation and Experiments on Non-Premixed Highly
           Turbulent {Opposed Jet} Flows},
  journal = {Proc. Combust.Inst.},
  volume = {33},
  year = {2011},
  pages = {1391-1399}
}

@ARTICLE{Ma2013CTM,
    author = {Ma, T. and Stein, O. and Chakraborty, N. and Kempf, Andreas M.},
     title = {A-posteriori testing of Algebraic Flame Surface Density models
              for {LES}},
   journal = {Combustion Theory and Modelling},
      year = {2013}
}

@ARTICLE{CavalloMarincola2013PCI,
    author = {Marincola, F. Cavallo and Ma, T. and Kempf, Andreas M.},
     title = {Large eddy simulations of the {D}armstadt turbulent stratified
              flame series},
   journal = {Proceedings of the Combustion Institute},
    volume = {34},
    number = {1},
      year = {2013},
     pages = {1307 - 1315}
}

@ARTICLE{Franchetti2013PCI,
    author = {Franchetti, B. M. and Marincola, F. Cavallo and Navarro-Martinez,
              S. and Kempf, Andreas M.},
     title = {Large Eddy simulation of a pulverised coal jet flame},
   journal = {Proceedings of the Combustion Institute},
    volume = {34},
    number = {2},
      year = {2013},
     pages = {2419 - 2426}
}

@ARTICLE{Stein2007FTAC,
    author = {Stein, Oliver and Kempf, Andreas M. and Janicka, Johannes},
     title = {{LES} of the {S}ydney swirl flame series: An initial
              Investigation of the fluid dynamics},
   journal = {Combust. Sci. Techn.},
    volume = {179},
    number = {1-2},
      year = {2007},
     pages = {173-189}
}
