@book{Torczon:2007:Compiler,
 author = {Torczon, Linda and Cooper, Keith},
 title = {Engineering A Compiler},
 year = {2011},
 isbn = {012088478X},
 edition = {2nd},
 publisher = {Morgan Kaufmann Publishers Inc.},
 address = {San Francisco, CA, USA},
} 

@InProceedings{Laguna:2011:Debugging,
  title={Large scale debugging of parallel tasks with automaded},
  author={Laguna, Ignacio and Gamblin, Todd and de Supinski, Bronis R and
Bagchi, Saurabh and Bronevetsky, Greg and Anh, Dong H and Schulz, Martin and
Rountree, Barry},
  booktitle={Proceedings of 2011 International Conference for High Performance
Computing, Networking, Storage and Analysis},
  pages={50},
  year={2011},
  organization={ACM}
}

@InProceedings{Bronevetsky:2010:AutomaDeD,
  title={AutomaDeD: Automata-based debugging for dissimilar parallel tasks},
  author={Bronevetsky, Greg and Laguna, Ignacio and Bagchi, Saurabh and de
Supinski, Bronis R and Ahn, Dong H and Schulz, Martin},
  booktitle={Dependable Systems and Networks (DSN), 2010 IEEE/IFIP
International Conference on},
  pages={231--240},
  year={2010},
  organization={IEEE}
}

@InProceedings{Gao:2007:DMTracker,
author={Qi Gao and Feng Qin and Panda, D.K.},
booktitle={Supercomputing, 2007. SC '07. Proceedings of the 2007 ACM/IEEE
Conference on},
title={DMTracker: finding bugs in large-scale parallel programs by detecting
anomaly in data movements},
year={2007},
month={Nov},
pages={1-12},
doi={10.1145/1362622.1362643},
}

@MISC{Luecke:2003:MPICheck,
    author = {Glenn Luecke and Hua Chen and James Coyle and Jim Hoekstra and
Marina Kraeva and Yan Zou},
    title = {MPI-CHECK: A tool for checking Fortran 90 MPI programs.
Concurrency and Computation: Practice and Experience},
    year = {2003}
}
