@article{Ma:1994:BinarySwap,
	author = {Kwan-Liu Ma and James S. Painter and Charles D. Hansen and
	          Michael F. Krogh},
	title = {Parallel Volume Rendering Using Binary-Swap Image Composition},
	journal = {IEEE Computer Graphics and Applications},
	year = {1994},
	volume = {14},
	pages = {59--68}
}
