@article{Park:2006:DSI,
    title = "Discrete Sibson interpolation",
    author = "S. W. Park and L. Linsen and O. Kreylos and J. D. Owens and B. Hamann",
    journal = "IEEE Transactions on Visualization and Computer Graphics",
    volume = "12",
    number = "2",
    year = "2006",
    pages = "243--253",
}

@article{Snir:2013:Failures,
  title = {Addressing Failures in Exascale Computing},
  year = {2013},
  issn = {ANL/MCS-TM-332},
  author = {M. Snir and R. W. Wisniewski and J. A. Abraham and
  S. V. Adve and S. Bagchi and Pavan Balaji and J. Belak and P. Bose
  and F. Cappello and B.  Carlson and Andrew A. Chien and P. Coteus
  and N. A. Debardeleben and P. Diniz and C. Engelmann and M. Erez
  and S. Fazzari and A. Geist and R. Gupta and F. Johnson and Sriram
  Krishnamoorthy and Sven Leyffer and D. Liberty and S. Mitra and
  T. S. Munson and R. Schreiber and J. Stearley and E. V. Hensbergen},
}

@misc{ELF:1995:Spec,
  title = {Executable and Linking Format},
  author = {TIS Committee},
  year = {1995},
  month = {May},
  note = {\url{http://refspecs.linuxbase.org/elf/elf.pdf}}
}

@conference{Foster:2011:Globus,
  title = {Reliable High-Performance Data Transfer via {Globus Online}},
  year = {2011},
  month = {06/2011},
  author = {Ian T. Foster and J. Boverhof and A. L. Chervenak and
  Lisa Childers and A. DeSchoen and G. Garzoglio and D. Gunter and
  B. Holzman and G. Kandaswamy and R. Kettimuthu and J. Kordas and
  M. Livny and S. Martin and P. Mhashilkar and Z. Miller and T. Samak
  and M.-H. Su and S. Tuecke and V. Venkataswamy and C. Ward and
  C. Weiss}
}

@book{Lucas:2012:SSH,
  title = {SSH Mastery: OpenSSH, PuTTY, Tunnels, and Keys},
  author = {Michael W. Lucas},
  year = {2012},
  publisher = {CreateSpace Independent Publishing Platform},
}

@misc{Kindlmann:Teem,
  author={Gordon L. Kindlmann and Others},
  title = {Teem: Tools to process and visualize scientific data and images.},
  year = {2013},
  howpublished = {\url{http://teem.sourceforge.net/}},
  note = "[Online; accessed October 2013]"
}

%    url = {http://hal.inria.fr/hal-00651814}
@inproceedings{Biddiscombe:2011:HDF5Steering,
    title = {{Parallel Computational Steering and Analysis for HPC Applications
              using a ParaView Interface and the HDF5 DSM Virtual File Driver}},
    author = {John Biddiscombe and Jerome Soumagne and Guillaume Oger and
              David Guibert and Jean-Guillaume Piccinali},
    booktitle = {{Eurographics Symposium on Parallel Graphics and
                  Visualization}},
    publisher = {Eurographics Association},
    pages = {91--100},
    address = {Llandudno, Wales},
    editor = {Torsten Kuhlen and Renato Pajarola and Kun Zhou},
    year = {2011},
}

%  url = {http://dx.doi.org/10.2312/EGPGV/EGPGV11/101-109},
%  doi = {10.2312/EGPGV/EGPGV11/101-109},
@inproceedings{Whitlock:2011:Libsim,
  author = {Brad Whitlock AND Jean M. Favre AND Jeremy S. Meredith},
  title = {Parallel In Situ Coupling of Simulation with a Fully Featured
           Visualization System},
  booktitle = {Proceedings of the 11th Eurographics conference on Parallel
               Graphics and Visualization},
  year = {2011},
  isbn = {978-3-905674-32-3},
  location = {Llandudno, UK},
  pages = {101--109},
  numpages = {9},
  acmid = {2386245},
  publisher = {Eurographics Association},
}

@inproceedings{Bergeron:1993:3Vis,
  author = {David M. Butler AND James C. Almond AND R. Daniel Bergeron AND
            Ken W. Brodlie AND Robert B. Haber},
  title = {Visualization Reference Models},
  pages = {337--342},
  year = {1993},
  booktitle = {Vis '93: Proceedings of the 4th Conference on Visualization}
}

@article{Moreland:2013:Survey,
  author    = {Kenneth Moreland},
  title     = {A Survey of Visualization Pipelines},
  journal   = {IEEE Trans. Vis. Comput. Graph.},
  volume    = {19},
  number    = {3},
  year      = {2013},
  pages     = {367-378},
  ee        = {http://doi.ieeecomputersociety.org/10.1109/TVCG.2012.133},
  url = {http://www.sandia.gov/~kmorel/documents/VisPipelines.pdf}
}

@inproceedings{Brownlee:2012:GLuRay,
  title={{GLuRay}: Enhanced Ray Tracing in Existing Scientific Visualization
         Applications using {OpenGL} Interception},
  author={Carson Brownlee AND Thomas Fogal AND Charles D. Hansen},
  booktitle={Eurographics Symposium on Parallel Graphics and Visualization},
  pages={41--50},
  year={2012},
  organization={The Eurographics Association},
  url = {http://dx.doi.org/10.2312/EGPGV/EGPGV12/041-050},
}

@inproceedings{Willcock:2012:Avalanche,
  author = {Willcock, Jeremiah J. and Newton, Ryan R. and Lumsdaine, Andrew},
  title = {Avalanche: A Fine-grained Flow Graph Model for Irregular Applications
           on Distributed-memory Systems},
  booktitle = {Proceedings of the 1st ACM SIGPLAN Workshop on Functional
               High-performance Computing},
  series = {FHPC '12},
  year = {2012},
  isbn = {978-1-4503-1577-7},
  location = {Copenhagen, Denmark},
  pages = {15--26},
  numpages = {12},
  url = {http://doi.acm.org/10.1145/2364474.2364479},
  doi = {10.1145/2364474.2364479},
  acmid = {2364479},
  publisher = {ACM},
  address = {New York, NY, USA},
}

@InProceedings{Karimabadi:2013:InSitu,
  author = {H. Karimabadi AND P. O'Leary AND M. Tatineni AND B. Loring AND
            A. Majumbar AND B. Geveci},
  title = {In-situ Visualization for Global Hybrid Simulations},
  booktitle = {XSEDE '13 Proceedings of the 2nd Conference of the Extreme
               Science and Engineering Discovery Environment},
  year = {2013},
  month = {July},
}

@InProceedings{Dorier:2013:Damaris,
  author = {Matthieu Dorier AND Roberto R. Sisneros AND Tom Peterka AND
            Gabriel Antoniu AND Dave B Semeraro},
  title = {{Damaris/Viz}: a Nonintrusive, Adaptable and User-Friendly In Situ
           Visualization Framework},
  year = {2013},
  booktitle = {Large Data Analysis and Visualization},
  month = {October},
}

@article{Ahrens:2005:ParaView,
  title={ParaView: An end-user tool for large data visualization},
  author={Ahrens, James AND Geveci, Berk AND Law, Charles},
  journal={The Visualization Handbook},
  volume={717},
  pages={731},
  year={2005},
  publisher={Elsevier},
}

@Article{Schroeder:2006:VTK,
  author = "Will Schroeder and Ken Martin and Bill Lorensen",
  title  = "The visualization toolkit: an object-oriented approach to 3D
            graphics",
  year = 2006,
  month = 01,
  publisher = "Kitware",
}

@InProceedings{Bavoil:2005:VisTrails,
  author={Bavoil, L. and Callahan, S.P. and Crossno, P.J. and Freire, J. and
          Scheidegger, C.E. and Silva, C.T. and Vo, H.T.},
  booktitle={IEEE Visualization},
  title={VisTrails: enabling interactive multiple-view visualizations},
  year={2005},
  pages={135--142},
  doi={10.1109/VISUAL.2005.1532788},
}

@InProceedings{Camp:2013:Hybrid,
  title = {{Transitioning Data Flow-Based Visualization Software to Multi-Core
            Hybrid Parallelism}},
  author = {David Camp AND E. Wes Bethel AND Hank Childs},
  booktitle = {3rd International Workshop on Data-Flow Execution Models for
               Extreme Scale Computing (DFM 2013)},
  month={September},
  year ={2013},
  pages="41--44",
}

@conference{Childs:2005:Contracts,
  author = {Hank Childs AND Eric S. Brugger AND Kathleen S. Bonnell AND
            Jeremy S. Meredith AND Mark Miller AND Brad J. Whitlock AND
            Nelson Max},
  title = {A Contract-Based System for Large Data Visualization},
  booktitle = {Proceedings of IEEE Visualization 2005},
  year = {2005},
  pages = {190{\textendash}198},
}

@Article{Wulf:1995:Wall,
 author = {William A. Wulf AND Sally A. McKee},
 title = {Hitting the Memory Wall: Implications of the Obvious},
 journal = {SIGARCH Comput. Archit. News},
 volume = {23},
 number = {1},
 month = {March},
 year = {1995},
 issn = {0163-5964},
 pages = {20--24},
 numpages = {5},
 url = {http://doi.acm.org/10.1145/216585.216588},
 doi = {10.1145/216585.216588},
 acmid = {216588},
 publisher = {ACM},
 address = {New York, NY, USA},
} 

@InProceedings{Lo:2012:PISTON,
  author = {{Li-ta} Lo AND Christopher Sewell AND James Ahrens},
  booktitle = {{Eurographics Symposium on Parallel Graphics and
                Visualization}},
  year = {2012},
  publisher = {Eurographics Association},
}

@InProceedings{Moreland:2011:Dax,
  author={Kenneth Moreland AND Utkarsh Ayachit AND Berk Geveci AND Kwan-Liu Ma},
  booktitle={Large Data Analysis and Visualization (LDAV)},
  title={Dax Toolkit: A proposed framework for data analysis and visualization at
         Extreme Scale},
  year={2011},
  pages={97--104},
  doi={10.1109/LDAV.2011.6092323},
}

%  adsurl = {http://adsabs.harvard.edu/abs/2013arXiv1307.2265T},
%  archivePrefix = "arXiv",
%  eprint = {1307.2265},
%  primaryClass = "astro-ph.IM",
@article{Enzo:2013,
  author = {{The Enzo Collaboration} and {Bryan}, G.~L. and {Norman}, M.~L.
             and {O'Shea}, B.~W. and {Abel}, T. and {Wise}, J.~H. and
             {Turk}, M.~J. and {Reynolds}, D.~R. and {Collins}, D.~C. and
             {Wang}, P. and {Skillman}, S.~W. and {Smith}, B. and
             {Harkness}, R.~P. and {Bordner}, J. and {Kim}, J.-h. and
             {Kuhlen}, M. and {Xu}, H. and {Goldbaum}, N. and {Hummels}, C. and
             {Kritsuk}, A.~G. and {Tasker}, E. and {Skory}, S. and
             {Simpson}, C.~M. and {Hahn}, O. and {Oishi}, J.~S. and {So}, G.~C
              and {Zhao}, F. and {Cen}, R. and {Li}, Y.},
  title = "{Enzo: An Adaptive Mesh Refinement Code for Astrophysics}",
  journal = {Astrophysical Journal Supplement Series},
  year = 2013,
  month = jul,
}

@Misc{nek5k,
  Author = "Paul F. Fischer AND James W. Lottes AND Stefan G. Kerkemeier",
  Title  = "{nek5000} {W}eb page",
  Note   = "http://nek5000.mcs.anl.gov",
  Year   = "2008"
}

@inproceedings{Fabian:2011:Catalyst,
  title={The {ParaView} {Coprocessing} Library: A Scalable, General Purpose
         \textit{In Situ} Visualization Library},
  author={Fabian, Nathan and Moreland, Kenneth and Thompson, David and Bauer,
          Andrew C and Marion, Pat and Geveci, Berk and Rasquin, Michel and
          Jansen, Kenneth E},
  booktitle={Large Data Analysis and Visualization},
  pages={89--96},
  year={2011},
  organization={IEEE}
}


@inproceedings{Zheng:2013:GoldRush,
  title={{GoldRush}: Resource Efficient In Situ Scientific Data Analytics Using
         Fine-Grained Interference Aware Execution},
  author={Zheng, Fang and Yu, Hongfeng and Hantas, Can and Wolf, Matthew and
          Eisenhauer, Greg and Schwan, Karsten and Abbasi, Hasan and
          Klasky, Scott},
  booktitle={Proceedings of SC13: International Conference for High Performance
             Computing, Networking, Storage and Analysis},
  pages={78},
  year={2013},
  organization={ACM},
  url = {http://doi.acm.org/10.1145/2503210.2503279},
}
@ARTICLE{Stein2007FTAC,
    author = {Stein, Oliver and Kempf, Andreas M. and Janicka, Johannes},
     title = {{LES} of the {S}ydney swirl flame series: An initial Investigation of the fluid dynamics},
   journal = {Combust. Sci. Techn.},
    volume = {179},
    number = {1-2},
      year = {2007},
     pages = {173-189}
}

@ARTICLE{Franchetti2013PCI,
    author = {Franchetti, B. M. and Marincola, F. Cavallo and Navarro-Martinez, S. and Kempf, Andreas M.},
     title = {Large Eddy simulation of a pulverised coal jet flame},
   journal = {Proceedings of the Combustion Institute},
    volume = {34},
    number = {2},
      year = {2013},
     pages = {2419 - 2426}
}

%   adsurl = {http://adsabs.harvard.edu/abs/2011ApJS..192....9T},
%  eprint = {1011.3514},
%      doi = {10.1088/0067-0049/192/1/9},
@ARTICLE{Turk:2010:yt,
   author = {{Turk}, M.~J. and {Smith}, B.~D. and {Oishi}, J.~S. and
            {Skory}, S. and {Skillman}, S.~W. and {Abel}, T. and
            {Norman}, M.~L.},
    title = "{yt: A Multi-code Analysis Toolkit for Astrophysical Simulation
              Data}",
  journal = {The Astrophysical Journal Supplement},
  primaryClass = "astro-ph.IM",
     year = 2011,
    month = {January},
   volume = 192,
      eid = {9},
    pages = {9},
}
  % url = {http://doi.acm.org/10.1145/1551609.1551618},
@inproceedings{Abbasi:2009:DataStager,
  author = {Abbasi, Hasan and Wolf, Matthew and Eisenhauer, Greg and Klasky,
            Scott and Schwan, Karsten and Zheng, Fang},
  title = {{DataStager}: Scalable Data Staging Services for Petascale
           Applications},
  booktitle = {Proceedings of the 18th ACM International Symposium on High
               Performance Distributed Computing},
  series = {HPDC '09},
  year = {2009},
  isbn = {978-1-60558-587-1},
  location = {Garching, Germany},
  pages = {39--48},
  numpages = {10},
  doi = {10.1145/1551609.1551618},
  acmid = {1551618},
  publisher = {ACM},
  address = {New York, NY, USA},
} 

%  url = {http://dx.doi.org/10.1002/cpe.v22:9},
@article{Docan:2010:DART,
  author = {Docan, Ciprian and Parashar, Manish and Klasky, Scott},
  title = {Enabling High-speed Asynchronous Data Extraction and Transfer Using
           {DART}},
  journal = {Concurr. Comput. : Pract. Exper.},
  issue_date = {June 2010},
  volume = {22},
  number = {9},
  month = {June},
  year = {2010},
  issn = {1532-0626},
  pages = {1181--1204},
  numpages = {24},
  doi = {10.1002/cpe.v22:9},
  acmid = {1814427},
  publisher = {John Wiley and Sons Ltd.},
  address = {Chichester, UK},
} 

%  url = {http://doi.acm.org/10.1145/2110205.2110207},
@inproceedings{Moreland:2011:InTransit,
  author = {Moreland, Kenneth and Oldfield, Ron and Marion, Pat and Jourdain,
            Sebastien and Podhorszki, Norbert and Vishwanath, Venkatram and
            Fabian, Nathan and Docan, Ciprian and Parashar, Manish and
            Hereld, Mark and Papka, Michael E. and Klasky, Scott},
  title = {Examples of \textit{In Transit} Visualization},
  booktitle = {Proceedings of the 2nd International Workshop on Petascale Data
               Analytics: Challenges and Opportunities},
  series = {PDAC '11},
  year = {2011},
  isbn = {978-1-4503-1130-4},
  location = {Seattle, Washington, USA},
  pages = {1--6},
  numpages = {6},
  doi = {10.1145/2110205.2110207},
  acmid = {2110207},
  publisher = {ACM},
  address = {New York, NY, USA},
} 

%  doi={10.1109/LDAV.2011.6092178},
@InProceedings{Vishwanath:2011:Leadership,
  author={Vishwanath, V. and Hereld, M. and Papka, M.E.},
  booktitle={Large Data Analysis and Visualization (LDAV)},
  title={Toward simulation-time data analysis and {I/O} acceleration on
         leadership-class systems},
  year={2011},
  month={October},
  pages={9-14},
}

%  doi = {10.1145/1383529.1383533},
@inproceedings{Lofstead:2008:ADIOS,
  author = {Lofstead, Jay F. and Klasky, Scott and Schwan, Karsten and
            Podhorszki, Norbert and Jin, Chen},
  title = {Flexible {IO} and Integration for Scientific Codes Through the
           Adaptable {IO} System ({ADIOS})},
  booktitle = {Proceedings of the 6th International Workshop on Challenges of
               Large Applications in Distributed Environments},
  series = {CLADE '08},
  year = {2008},
  isbn = {978-1-60558-156-9},
  location = {Boston, MA, USA},
  pages = {15--24},
  numpages = {10},
  acmid = {1383533},
  publisher = {ACM},
  address = {New York, NY, USA},
} 

  % url = {http://doi.acm.org/10.1145/1996130.1996137},
@inproceedings{Abbasi:2011:JITStaging,
  author = {Abbasi, Hasan and Eisenhauer, Greg and Wolf, Matthew and Schwan,
            Karsten and Klasky, Scott},
  title = {Just in Time: Adding Value to the {IO} Pipelines of High Performance
           Applications with {JITStaging}},
  booktitle = {Proceedings of the 20th International Symposium on High
               Performance Distributed Computing},
  series = {HPDC '11},
  year = {2011},
  isbn = {978-1-4503-0552-5},
  location = {San Jose, California, USA},
  pages = {27--36},
  numpages = {10},
  doi = {10.1145/1996130.1996137},
  acmid = {1996137},
  publisher = {ACM},
  address = {New York, NY, USA},
}

@manual{CatalystUserGuide,
  author = {Andrew C. Bauer AND Berk Geveci AND Will Schroeder},
  title = {The ParaView Catalyst User's Guide},
  year = {2013},
  version = {Version 1.0},
  pagetotal = {67},
  organization = {Kitware},
}

%  url = {http://dx.doi.org/10.1109/MCG.2010.55},
%  doi = {10.1109/MCG.2010.55},
@article{Yu:2010:Combustion,
  author = {Yu, Hongfeng and Wang, Chaoli and Grout, Ray W. and
            Chen, Jacqueline H. and Ma, Kwan-Liu},
  title = {In Situ Visualization for Large-Scale Combustion Simulations},
  journal = {IEEE Comput. Graph. Appl.},
  issue_date = {May 2010},
  volume = {30},
  number = {3},
  month = {May},
  year = {2010},
  issn = {0272-1716},
  pages = {45--57},
  numpages = {13},
  acmid = {1803963},
  publisher = {IEEE Computer Society Press},
  address = {Los Alamitos, CA, USA},
} 

%  url = {http://doi.acm.org/10.1145/2503210.2503303},
@inproceedings{Gamell:2013:InSituPower,
  author = {Gamell, Marc and Rodero, Ivan and Parashar, Manish and
  Bennett, Janine C. and Kolla, Hemanth and Chen, Jacqueline and
  Bremer, Peer-Timo and Landge, Aaditya G. and Gyulassy, Attila and
  McCormick, Patrick and Pakin, Scott and Pascucci, Valerio and Klasky,
  Scott},
  title = {Exploring Power Behaviors and Trade-offs of In-situ Data Analytics},
  booktitle = {Proceedings of SC13:  International Conference for High
               Performance Computing, Networking, Storage and Analysis},
  series = {SC '13},
  year = {2013},
  isbn = {978-1-4503-2378-9},
  location = {Denver, Colorado},
  pages = {77:1--77:12},
  articleno = {77},
  numpages = {12},
  doi = {10.1145/2503210.2503303},
  acmid = {2503303},
  publisher = {ACM},
  address = {New York, NY, USA},
}

@ARTICLE{Childs:2013:ChallengesVis,
  author={Childs, H. and Geveci, B. and Schroeder, W. and Meredith, J. and
          Moreland, K. and Sewell, C. and Kuhlen, T. and Bethel, E.W.},
  journal={Computer},
  title={Research Challenges for Visualization Software},
  year={2013},
  month={May},
  volume={46},
  number={5},
  pages={34-42},
  doi={10.1109/MC.2013.179},
  ISSN={0018-9162},
}

  %doi = {10.1007/s11227-008-0228-7},
@article{Lesage:2012:FlowSitu,
  author = {Lesage, Jean-Denis and Raffin, Bruno},
  title = {A Hierarchical Component Model for Large Parallel Interactive
           Applications},
  journal = {J. Supercomput.},
  volume = {60},
  number = {3},
  month = {June},
  year = {2012},
  issn = {0920-8542},
  pages = {389--409},
  numpages = {21},
  acmid = {2316989},
  publisher = {Kluwer Academic Publishers},
  address = {Hingham, MA, USA},
}

@InProceedings{Ament:2011:Steering,
  author = {Ament, M. and Frey, S. and Sadlo, F. and Ertl, T. and
            Weiskopf, D.},
  title = {{GPU}-Based Two-Dimensional Flow Simulation Steering using Coherent
           Structures},
  booktitle = {Proceedings of the Second International Conference on Parallel,
               Distributed, Grid and Cloud Computing for Engineering},
  editor = {Iv\'anyi, P. and Topping, B. H. V.},
  publisher = {Civil-Comp Press},
  address = {Stirlingshire, United Kingdom},
  year = 2011,
  doi = {http://dx.doi.org/10.4203/ccp.95.18}
}

%  doi = {10.1145/566654.566639},
@article{Humphreys:2002:Chromium,
  author = {Humphreys, Greg and Houston, Mike and Ng, Ren and Frank, Randall and
            Ahern, Sean and Kirchner, Peter D. and Klosowski, James T.},
  title = {Chromium: A Stream-processing Framework for Interactive Rendering on
           Clusters},
  journal = {ACM Trans. Graph.},
  issue_date = {July 2002},
  volume = {21},
  number = {3},
  month = jul,
  year = {2002},
  issn = {0730-0301},
  pages = {693--702},
  numpages = {10},
  acmid = {566639},
  publisher = {ACM},
  address = {New York, NY, USA},
}

@InProceedings{Proch:2014:PsiPhi,
  author={F. Proch AND A. M. Kempf},
  title={Numerical analysis of the Cambridge stratified flame series
  using artificial thickened flame LES with tabulated premixed flame
  chemistry},
  volume = {161},
  issue = 10,
  booktitle={Combustion and Flame},
  pages = {2627--2646},
  year = {2014},
}

@techreport{Berkeley:2006:View,
	Author = {Asanovic, Krste and Bodik, Ras and Catanzaro, Bryan Christopher
	          and Gebis, Joseph James and Husbands, Parry and Keutzer, Kurt and
	          Patterson, David A. and Plishker, William Lester and Shalf, John
	          and Williams, Samuel Webb and Yelick, Katherine A.},
	Title = {The Landscape of Parallel Computing Research: A View from
	         Berkeley},
	Institution = {EECS Department, University of California, Berkeley},
	Year = {2006},
	Month = {Dec},
	URL = {http://www.eecs.berkeley.edu/Pubs/TechRpts/2006/EECS-2006-183.html},
	Number = {UCB/EECS-2006-183},
}
