 %note= {\url{http://doi.acm.org/10.1145/1654059.1654100}}
@inproceedings{Lang:2009:IPCA,
 author = {Lang, Samuel and Carns, Philip and Latham, Robert and Ross, Robert and Harms, Kevin and Allcock, William},
 title = {I/O performance challenges at leadership scale},
 booktitle = {Proceedings of the Conference on High Performance Computing Networking, Storage and Analysis},
 series = {SC '09},
 year = {2009},
 isbn = {978-1-60558-744-8},
 location = {Portland, Oregon},
 pages = {40:1--40:12},
 articleno = {40},
 numpages = {12},
 url = {http://doi.acm.org/10.1145/1654059.1654100},
 doi = {http://doi.acm.org/10.1145/1654059.1654100},
 acmid = {1654100},
 publisher = {ACM},
 address = {New York, NY, USA},
}

@TECHREPORT{Hildebrand:2004:NAHP,
    author = {Hildebrand, Dean and Honeyman, Peter},
    title = {{NFSv4} and high performance file systems: Positioning to scale},
    institution = {University of Michigan},
    year = {2004},
    number = {citi-04-02},
    note= {\url{http://www.citi.umich.edu/NEPS/positions/hildebrand.pdf}}
}

@inproceedings{Howison:2010:THFL,
  author =	 "Howison, Mark and Koziol, Quincey and Knaak, David and Mainzer, John and Shalf, John and Donofrio, David",
  title =	 "Tuning HDF5 for Lustre File Systems",
  booktitle =	 "Proceedings of Workshop on Interfaces and Abstractions for Scientific Data Storage Heraklion",
  address =	 "Crete, Greece",
  month =	 "September",
  year =	 2010,
}


	%note= {\url{http://portal.acm.org/citation.cfm?id=1586640.1587524}},
@inproceedings{Lofstead:2009:AMRI,
 author = {Lofstead, Jay and Zheng, Fang and Klasky, Scott and Schwan, Karsten},
 title = {Adaptable, metadata rich IO methods for portable high performance IO},
 booktitle = {Proceedings of the 2009 IEEE International Symposium on Parallel\&Distributed Processing},
 year = {2009},
 isbn = {978-1-4244-3751-1},
 pages = {1--10},
 numpages = {10},
 url = {http://portal.acm.org/citation.cfm?id=1586640.1587524},
 doi = {10.1109/IPDPS.2009.5161052},
 acmid = {1587524},
 publisher = {IEEE Computer Society},
 address = {Washington, DC, USA},
}

	%note= {\url{http://doi.acm.org/10.1145/1383529.1383533}},
@inproceedings{Lofstead:2008:FIAI,
 author = {Lofstead, Jay F. and Klasky, Scott and Schwan, Karsten and
           Podhorszki, Norbert and Jin, Chen},
 title = {Flexible IO and integration for scientific codes through the
          adaptable IO system (ADIOS)},
 booktitle = {Proceedings of the 6th international workshop on Challenges of
              large applications in distributed environments},
 series = {CLADE '08},
 year = {2008},
 isbn = {978-1-60558-156-9},
 location = {Boston, MA, USA},
 pages = {15--24},
 numpages = {10},
 url = {http://doi.acm.org/10.1145/1383529.1383533},
 doi = {http://doi.acm.org/10.1145/1383529.1383533},
 acmid = {1383533},
 publisher = {ACM},
 address = {New York, NY, USA},
}

@Inproceedings{Yu:2004:ISFP,
 author = {Hongfeng Yu and Kwan-Liu Ma and Joel Welling},
 title = {I/O Strategies for Parallel Rendering of Large Time-Varying Volume Data},
 booktitle = {In Proceedings of the Eurographics/ACM SIGGRAPH Symposium on Parallel Graphics and Visualization},
 year = {2004},
 pages = {31-40},
 month = {June},
}

	%note= {\url{http://dx.doi.org/10.1109/SC.2004.6}},
@inproceedings{Yu:2004:PVPF,
 author = {Yu, Hongfeng and Ma, Kwan-Liu and Welling, Joel},
 title = {A Parallel Visualization Pipeline for Terascale Earthquake Simulations},
 booktitle = {Proceedings of the 2004 ACM/IEEE conference on Supercomputing},
 series = {SC '04},
 year = {2004},
 isbn = {0-7695-2153-3},
 pages = {49--},
 url = {http://dx.doi.org/10.1109/SC.2004.6},
 doi = {http://dx.doi.org/10.1109/SC.2004.6},
 acmid = {1049993},
 publisher = {IEEE Computer Society},
 address = {Washington, DC, USA},
}

	%note= {\url{http://portal.acm.org/citation.cfm?id=1048935.1050198}},
@inproceedings{Ma:2003:VVLS,
 author = {Ma, Kwan-Liu and Stompel, Aleksander and Bielak, Jacobo and Ghattas, Omar and Kim, Eui Joong},
 title = {Visualizing Very Large-Scale Earthquake Simulations},
 booktitle = {Proceedings of the 2003 ACM/IEEE conference on Supercomputing},
 series = {SC '03},
 year = {2003},
 isbn = {1-58113-695-1},
 pages = {48--},
 url = {http://portal.acm.org/citation.cfm?id=1048935.1050198},
 acmid = {1050198},
 publisher = {IEEE Computer Society},
 address = {Washington, DC, USA},
}

%note= {\url{http://ieeexplore.ieee.org/xpls/abs_all.jsp?arnumber=5362481}}
@INPROCEEDINGS{Peterka:2009:ETES,
	author={Tom Peterka AND Hongfeng Yu AND Rob Ross AND Kwan-Liu Ma AND
	        R. Latham},
	booktitle={Parallel Processing, 2009. ICPP '09. International Conference on},
	title={End-to-End Study of Parallel Volume Rendering on the {IBM}
	       Blue Gene/P},
	year={2009},
	month={Sept.},
	pages={566--573},
	doi={10.1109/ICPP.2009.27},
	ISSN={0190-3918},
}

%note= {\url{http://ieeexplore.ieee.org/xpls/abs_all.jsp?arnumber=56302}}
@ARTICLE{Rew:1990:NAIF,
author={Rew, R. and Davis, G.},
journal={Computer Graphics and Applications, IEEE},
title={{NetCDF}: an interface for scientific data access},
year={1990},
month={jul.},
volume={10},
number={4},
pages={76 -82},
doi={10.1109/38.56302},
ISSN={0272-1716},
}

 %note = {UMI Order No. GAX96-13380 \url{http://portal.acm.org/citation.cfm?id=238886&CFID=6478942&CFTOKEN=35881037}},
@phdthesis{Nitzberg:1995:PIO,
 author = {Nitzberg, William J.},
 title = {Collective parallel I/O},
 year = {1995},
 publisher = {University of Oregon},
 school = {University of Oregon},
 address = {Eugene, OR, USA},
}

@misc{Sun:2008:PSIW,
  author =	 "Sun Microsystems, Inc.",
  title =	 {Peta-Scale {I/O} with the Lustre File System},
  month =	 "February",
  year =	 2008,
  howpublished = {Oak Ridge National Laboratory/ Lustre Center of Excellence papers \url{http://wiki.lustre.org/images/9/90/Peta-Scale_wp.pdf}}
}


%note={\url{http://ieeexplore.ieee.org/xpls/abs_all.jsp?arnumber=4536277}}
@INPROCEEDINGS{Yu:2008:PADP,
author={Weikuan Yu and Vetter, J.S. and Oral, H.S.},
booktitle={Parallel and Distributed Processing, 2008. IPDPS 2008. IEEE International Symposium on},
title={Performance characterization and optimization of parallel {I/O} on the {Cray XT}},
year={2008},
month={April},
pages={1--11},
doi={10.1109/IPDPS.2008.4536277},
ISSN={1530-2075},
}

@inproceedings{Seamons:1995:SDCI,
 author = {Seamons, K. E. and Chen, Y. and Jones, P. and Jozwiak, J. and Winslett, M.},
 title = {Server-directed collective {I/O} in Panda},
 booktitle = {Proceedings of the 1995 ACM/IEEE conference on Supercomputing (CDROM)},
 series = {Supercomputing '95},
 year = {1995},
 isbn = {0-89791-816-9},
 location = {San Diego, California, United States},
 articleno = {57},
 url = {http://doi.acm.org/10.1145/224170.224371},
 acmid = {224371},
 publisher = {ACM},
 address = {New York, NY, USA},
}

@article{Kotz:1997:DIMF,
 author = {Kotz, David},
 title = {Disk-directed {I/O} for {MIMD} multiprocessors},
 journal = {ACM Trans. Comput. Syst.},
 volume = {15},
 issue = {1},
 month = {February},
 year = {1997},
 issn = {0734-2071},
 pages = {41--74},
 numpages = {34},
 doi = {http://doi.acm.org/10.1145/244764.244766},
 acmid = {244766},
 publisher = {ACM},
 address = {New York, NY, USA},
}

 %note= {\url{http://portal.acm.org/citation.cfm?id=1083323.1083350}},
@inproceedings{Memik:2002:EIA,
 author = {Memik, Gokhan and Kandemir, Mahmut and Choudhary, Alok},
 title = {Exploiting Inter-File Access Patterns Using Multi-Collective {I/O}},
 booktitle = {Proceedings of the 1st USENIX Conference on File and Storage Technologies},
 series = {FAST '02},
 year = {2002},
 location = {Monterey, CA},
 articleno = {20},
 acmid = {1083350},
 publisher = {USENIX Association},
 address = {Berkeley, CA, USA},
}

%note= {\url{http://ieeexplore.ieee.org/xpls/abs_all.jsp?arnumber=1592942}}
@INPROCEEDINGS{Li:2003:PNAH,
author={ Jianwei Li and Wei-keng Liao and Choudhary, A. and Ross, R. and Thakur, R. and Gropp, W. and Latham, R. and Siegel, A. and Gallagher, B. and Zingale, M.},
booktitle={Supercomputing, 2003 ACM/IEEE Conference},
title={Parallel netCDF: A High-Performance Scientific I/O Interface},
year={2003},
month={nov.},
doi={10.1109/SC.2003.10053},
ISSN={},
}

  %note= {\url {http://mitpress.mit.edu/catalog/item/default.asp?ttype=2&tid=5045}}
@book{Gropp:1998:MTCR,
  author =	 "Gropp, William and Huss-Lederman, Steven and Lumsdaine , Andrew and Lusk, Ewing and Nitzberg, Bill and Saphir , William and Snir, Marc",
  title =	 "MPI: The Complete Reference, Volume 2 - The MPI-2 Extensions",
  publisher =	 "The MIT Press",
  volume =	 2,
  year =	 1998,
}

 %note = {\url{http://doi.acm.org/10.1145/1654059.1654075}},
@inproceedings{Kendall:2009:TDO,
 author = {Kendall, Wesley and Glatter, Markus and Huang, Jian and Peterka, Tom and Latham, Robert and Ross, Robert},
 title = {Terascale data organization for discovering multivariate climatic trends},
 booktitle = {Proceedings of the Conference on High Performance Computing Networking, Storage and Analysis},
 series = {SC '09},
 year = {2009},
 isbn = {978-1-60558-744-8},
 location = {Portland, Oregon},
 pages = {15:1--15:12},
 articleno = {15},
 numpages = {12},
 doi = {http://doi.acm.org/10.1145/1654059.1654075},
 acmid = {1654075},
 publisher = {ACM},
 address = {New York, NY, USA},
}

    %note = {\url{http://www.usenix.org/publications/library/proceedings/ana97/full_papers/rodrigues/rodrigues.ps}}
@INPROCEEDINGS{Rodrigues:FastSockets:1997,
    author = {Steven H. Rodrigues and Thomas E. Anderson and David E. Culler},
    title = {High-Performance Local Area Communication With Fast Sockets},
    booktitle = {In Proceedings of the USENIX Technical Conference},
    year = {1997},
    pages = {257--274},
}

@misc{ADIOS:Manual,
  author = {S. Hodson AND S. Klasky AND Q. Liu AND J. Lofstead AND N. Podhorszki AND F. Zheng AND M. Wolf AND T. Kordenbrock AND H. Abbasi AND N. Samatova},
  title = {ADIOS 1.2.1 User's Manual},
  year = 2010,
  month = {August},
  publisher = {Oak Ridge National Laboratory},
  note = {\url{http://users.nccs.gov/~pnorbert/ADIOS-UsersManual-1.2.1.pdf}}
}

@inproceedings{Pawlowski:1994:NFS,
  author = {Pawlowski, Brian AND Juszczak, Chet AND Staubach, Peter AND
            Smith, Carl AND Lebel, Diane AND Hitz, David},
  booktitle = {In Proceedings of the Summer 1994 USENIX Technical
               Conference},
  pages = {137--152},
  title = {{NFS version 3 design and implementation}},
  year = {1994}
}

@MISC{Callaghan:1995:NFSv3,
  author = {B. Callaghan AND B. Pawlowski AND P. Staubach},
  title = "{RFC 1813}: NFS Version 3 Protocol Specification",
  month = {June},
  year = {1995},
  URL = {http://www.ietf.org/rfc/rfc1813.txt},
  note = {\url{http://www.ietf.org/rfc/rfc1813.txt}}
}

  %note = {\url{http://dx.doi.org/10.1145/1362622.1362658}}
@inproceedings{Ching:2007:Locking,
  author = {Avery Ching AND Wei-keng Liao AND Alok Choudhary AND Robert Ross
            AND Lee Ward},
  title = {Noncontiguous Locking Techniques for Parallel File Systems},
  booktitle = {Proceedings of the 2007 ACM/IEEE conference on Supercomputing},
  series = {SC '07},
  year = {2007},
  isbn = {978-1-59593-764-3},
  location = {Reno, Nevada},
  pages = {26:1--26:12},
  articleno = {26},
  numpages = {12},
  url = {http://doi.acm.org/10.1145/1362622.1362658},
  publisher = {ACM},
  address = {New York, NY, USA},
}

@INPROCEEDINGS{Ma:2004:GODIVA,
  author = {Xiaosong Ma AND Marianne Winslett AND John Norris AND Xiangmin Jiao
            AND Robert Fiedler},
  title = {GODIVA: Lightweight Data Management for Scientific Visualization},
  booktitle = {20th International Conference on Data Engineering (ICDE), 2004},
  year = {2004},
  pages = {434--447},
  publisher = {IEEE Computer Society},
}
