@inproceedings{Nethercote:2007:Valgrind,
  author = {Nicholas Nethercote AND Julian Seward},
  title = {Valgrind: A Framework for Heavyweight Dynamic Binary
           Instrumentation},
  booktitle = {Proceedings of the 2007 ACM SIGPLAN Conference on Programming
               Language Design and Implementation},
  series = {PLDI '07},
  year = {2007},
  isbn = {978-1-59593-633-2},
  location = {San Diego, California, USA},
  pages = {89--100},
  numpages = {12},
  url = {http://doi.acm.org/10.1145/1250734.1250746},
  doi = {10.1145/1250734.1250746},
  acmid = {1250746},
  publisher = {ACM},
  address = {New York, NY, USA},
} 

@inproceedings{Butler:1993:Reference,
  author = {Butler, David M. and Almond, James C. and Bergeron, R. Daniel and
            Brodlie, Ken W. and Haber, Robert B.},
  title = {Visualization Reference Models},
  booktitle = {Proceedings of the 4th Conference on Visualization},
  year = {1993},
  isbn = {0-8186-3940-7},
  location = {San Jose, California},
  pages = {337--342},
  numpages = {6},
  url = {http://dl.acm.org/citation.cfm?id=949845.949906},
  acmid = {949906},
  publisher = {IEEE Computer Society},
}
%  address = {Washington, DC, USA},

@INPROCEEDINGS{Tuchman:1991:VisDebug,
  author = {Allan Tuchman and David Jablonowski and George Cybenko},
  title = {Run-time Visualization of Program Data},
  booktitle = {Proceedings of the 1991 Visualization Conference},
  year = {1991},
  pages = {255--261}
}

 %url = {http://doi.acm.org/10.1145/1461928.1461946},
@article{Hall:2009:Next50,
 author = {Hall, Mary and Padua, David and Pingali, Keshav},
 title = {Compiler Research: The Next 50 Years},
 journal = {Commun. ACM},
 issue_date = {February 2009},
 volume = {52},
 number = {2},
 month = feb,
 year = {2009},
 issn = {0001-0782},
 pages = {60--67},
 numpages = {8},
 doi = {10.1145/1461928.1461946},
 acmid = {1461946},
 publisher = {ACM},
 address = {New York, NY, USA},
}

@TechReport{Antoniu:2001:PFault,
  TITLE = {{Remote Object Detection in Cluster-Based Java}},
  AUTHOR = {Antoniu, Gabriel and Hatcher, Philip},
  URL = {https://hal.inria.fr/inria-00072530},
  TYPE = {Research Report},
  NUMBER = {RR-4101},
  YEAR = {2001},
}

@INPROCEEDINGS{Nethercote:2006:Massif,
  author={Nethercote, N. and Walsh, R. and Fitzhardinge, J.},
  booktitle={Workload Characterization, 2006 IEEE International Symposium on},
  title={Building Workload Characterization Tools with Valgrind},
  year={2006},
  month={Oct},
  pages={2-2},
  doi={10.1109/IISWC.2006.302723},
}

@InProceedings{Rosenblum:2011:Authors,
 author = {Rosenblum, Nathan and Zhu, Xiaojin and Miller, Barton P.},
 title = {Who Wrote This Code? Identifying the Authors of Program Binaries},
 booktitle = {Proceedings of the 16th European Conference on Research in
              Computer Security},
 series = {ESORICS'11},
 year = {2011},
 isbn = {978-3-642-23821-5},
 location = {Leuven, Belgium},
 pages = {172--189},
 numpages = {18},
 url = {http://dl.acm.org/citation.cfm?id=2041225.2041239},
 acmid = {2041239},
 publisher = {Springer-Verlag},
 address = {Berlin, Heidelberg},
} 

@InProceedings{Bernat:2012:BinEdit,
  title="Structured Binary Editing with a CFG Transformation Algebra",
  author = {Bernat AND Miller},
  booktitle = {Working Conference on Reverse Engineering (WCRE)},
  year = {2012},
  month = {Oct},
  address = {Kingston, Ontario},
}

@InProceedings{Sharma:2013:DDEC,
 author = {Sharma, Rahul and Schkufza, Eric and Churchill, Berkeley and Aiken,
           Alex},
 title = {Data-driven Equivalence Checking},
 booktitle = {Proceedings of the 2013 ACM SIGPLAN International
 Conference on Object Oriented Programming Systems Languages \#38;
 Applications},
 series = {OOPSLA '13},
 year = {2013},
 isbn = {978-1-4503-2374-1},
 location = {Indianapolis, Indiana, USA},
 pages = {391--406},
 numpages = {16},
 doi = {10.1145/2509136.2509509},
 acmid = {2509509},
 publisher = {ACM},
 address = {New York, NY, USA},
}

@inproceedings{Nguyen:2012:Invariants,
 author = {Nguyen, ThanhVu and Kapur, Deepak and Weimer, Westley and Forrest,
Stephanie},
 title = {Using Dynamic Analysis to Discover Polynomial and Array Invariants},
 booktitle = {Proceedings of the 34th International Conference on Software
Engineering},
 series = {ICSE '12},
 year = {2012},
 isbn = {978-1-4673-1067-3},
 location = {Zurich, Switzerland},
 pages = {683--693},
 numpages = {11},
 url = {http://dl.acm.org/citation.cfm?id=2337223.2337304},
 acmid = {2337304},
 publisher = {IEEE Press},
 address = {Piscataway, NJ, USA},
} 


@inproceedings{McCloskey:2010:Infer,
 author = {McCloskey, Bill and Reps, Thomas and Sagiv, Mooly},
 title = {Statically Inferring Complex Heap, Array, and Numeric Invariants},
 booktitle = {Proceedings of the 17th International Conference on Static
Analysis},
 series = {SAS'10},
 year = {2010},
 isbn = {3-642-15768-8, 978-3-642-15768-4},
 location = {Perpignan, France},
 pages = {71--99},
 numpages = {29},
 url = {http://dl.acm.org/citation.cfm?id=1882094.1882100},
 acmid = {1882100},
 publisher = {Springer-Verlag},
 address = {Berlin, Heidelberg},
}



@inproceedings{Reps:2010:Bottom,
 author = {Reps, Thomas and Lim, Junghee and Thakur, Aditya and Balakrishnan,
Gogul and Lal, Akash},
 title = {There\&\#39;s Plenty of Room at the Bottom: Analyzing and Verifying
Machine Code},
 booktitle = {Proceedings of the 22Nd International Conference on Computer
Aided Verification},
 series = {CAV'10},
 year = {2010},
 isbn = {3-642-14294-X, 978-3-642-14294-9},
 location = {Edinburgh, UK},
 pages = {41--56},
 numpages = {16},
 doi = {10.1007/978-3-642-14295-6_6},
 acmid = {2144318},
 publisher = {Springer-Verlag},
 address = {Berlin, Heidelberg},
} 
