@InProceedings{Fogal:2014:Freeprocessing,
  author = {Thomas Fogal AND Fabian Proch AND Alexander Schiewe AND
            Olaf Hasemann AND Andreas Kempf AND Jens Kr\"uger},
  title = {\textit{Free}processing: {T}ransparent in situ visualization via
           data interception},
  booktitle = {Proceedings of the 14th Eurographics Conference on Parallel
               Graphics and Visualization},
  series = {EGPGV},
  year = {2014},
  publisher = {Eurographics Association},
  address = {Llandudno, Wales},
}

@article{Butson:2013:DBS,
  author = {Christopher Butson AND Georg Tamm AND Sanket Jain AND Thomas Fogal
            AND Jens Kr\"uger},
  title = {{Evaluation of Interactive Visualization on Mobile Computing
            Platforms for Selection of Deep Brain Stimulation Parameters}},
  journal = {IEEE Transactions on Visualization and Computer Graphics},
  year = {2013},
  month = {January},
  volume = {19},
  issue = {1},
  url = {http://www.sci.utah.edu/~tfogal/academic/dbs/Butson-DBS.pdf},
}

@InProceedings{Fogal:2013:Analysis,
  author = {Thomas Fogal AND Alexander Schiewe AND Jens Kr\"uger},
  title = {{An Analysis of Scalable GPU-Based Ray-Guided Volume Rendering}},
  year = {2013},
  booktitle = {Large Data Analysis and Visualization, IEEE Visualization},
}

@article{Hernandez:2013:Steering,
	title={Visual numerical steering in {3D} {AGENT} code system for advanced
	       nuclear reactor modeling and design.},
  author = {Hermilo Hern\'{a}ndez AND Jovana Kne\v{z}evi\'{c} AND Thomas Fogal
	          AND Todd Sherman AND Tatjana Jevremovic},
  journal = {Annals of Nuclear Energy},
	pages = {248--257},
	year = {2013},
	volume = {55},
  booktitle = {Annals of Nuclear Energy},
  url = {http://www.sci.utah.edu/~tfogal/academic/agent-steering/Hernandez-NumericalSteering.pdf},
}

@InProceedings{Jovana:2012:Interactive,
	title={Interactive Computing in Numerical Modelling of Particle Transport
	       Methods},
	author = {Jovana Kne\v{z}evi\'{c} AND Ralf-Peter Mundani AND Ernst Rank AND
	          Hermilo Hern\'andez AND Tatjana Jevremovi\'c AND Thomas Fogal},
	booktitle = {IADIS Conference on Theory and Practice in Modern Computing},
	month = {July},
	year = {2012},
}

@InProceedings{Fogal:2011:PracticalIO,
  author = {Thomas Fogal AND J. Kr\"uger},
  title = {{Efficient I/O for Parallel Visualization}},
  year = {2011},
  month = {April},
  pages = {81--90},
  booktitle = {Eurographics Symposium on Parallel Graphics and Visualization,
               Llandudno, Wales, UK},
}

@InProceedings{Jevremovic:2011:Education,
	title={The Role of Virtual Engineering and Emerging Visualization Tools in
	       Nuclear Engineering Education and Training at the University of Utah},
	author = {Tatjana Jevremovic AND Thomas Fogal AND Dong-OK Choe AND
	          Haori Yang AND Jens Kr\"uger},
	booktitle = {Nuclear Engineering and Training Conference},
	address = {Prague, Czech Republic},
	month = {May},
	year = {2011},
}

@InProceedings{Fogal:2010:HPG, 
  author = {Thomas Fogal and Hank Childs and Siddharth Shankar and
            Jens Kr\"uger and R. Daniel Bergeron and Philip Hatcher},
  title = {{Large Data Visualization on Distributed Memory Multi-GPU Clusters}},
  booktitle = "Proceedings of High Performance Graphics 2010",
  year      = "2010",
  month       = "June",
  pages       = {57--66},
  url = {http://www.sci.utah.edu/~tfogal/academic/multi-gpu/Fogal-MultiGPU.pdf},
}

@InProceedings{Fogal:2010:Tuvok,
  author = {Thomas Fogal AND Jens Kr\"uger},
  title = {{Tuvok, an Architecture for Large Scale Volume Rendering}},
  booktitle = {Proceedings of the 15th International Workshop on
               Vision, Modeling, and Visualization},
  year = {2010},
  month = {November},
}

@InProceedings{Fogal:2010:Bridge,
	title={Visualization as a Bridge between Chemical and Nuclear Engineering
	       Simulations},
	author = {Thomas Fogal AND Shanjie Jiao AND Xue Yang AND Jens Kr\"uger},
	booktitle = {Proceedings of the 2010 American Institute of Chemical
	             Engineering},
	year = {2010},
	address = {Salt Lake City, Utah},
}

@misc{Fogal:2009:SizeMatters,
  author = {Thomas Fogal AND Jens Kr\"uger},
  title = {{Size Matters - Revealing Small Scale Structures in Large
            Datasets}},
  booktitle = {Proceedings of World Congress on Medical Physics and
               Biomedical Engineering},
  year = {2009},
  pages = {41--44},
  editor = {Olaf D{\"{o}}ssel, Wolfgang Schlegel},
  publisher = {Springer},
  howpublished = {Poster at the World Congress on Medical Physics and
                  Biomedical Engineering},
  url = {http://www.sci.utah.edu/~tfogal/academic/size-matters/Fogal-SizeMatters.pdf}
}
