@InProceedings{Bavoil:2005:VisTrails,
  author={Bavoil, L. and Callahan, Stephen P. and Crossno, P.J. and Freire, J.
	        and Scheidegger, Carlos E. and Silva, Claudio T. and Vo, Huy T.},
  booktitle={IEEE Visualization},
  title={VisTrails: enabling interactive multiple-view visualizations},
  year={2005},
  pages={135--142},
  doi={10.1109/VISUAL.2005.1532788},
}

@conference{Childs:2005:Contracts,
  author = {Hank Childs AND Eric S. Brugger AND Kathleen S. Bonnell AND
            Jeremy S. Meredith AND Mark Miller AND Brad J. Whitlock AND
            Nelson Max},
  title = {A Contract-Based System for Large Data Visualization},
  booktitle = {Proceedings of IEEE Visualization 2005},
  year = {2005},
  pages = {190{\textendash}198},
}

@InProceedings{Macleod:2004:SCIRun,
	author =    "R.S. Macleod and D.M. Weinstein and J.D. de St.
	             Germain and D.H. Brooks and C.R. Johnson and S.G.
	             Parker",
	title =     "SCIRun/BioPSE: Integrated Problem Solving
	             Environment for Bioelectric Field Problems and
	             Visualization",
	booktitle = "Proceedings of the Int. Symp. on Biomed. Imag.",
	pages =     "640--643",
	year =      "2004",
	month =     "April",
	location =  "Arlington, Va",
}

@article{Schroeder:2006:VTK,
  author = "Will Schroeder and Ken Martin and Bill Lorensen",
  title  = "The visualization toolkit: an object-oriented approach to {3D}
            graphics",
  year = 2006,
  month = jan,
  publisher = "Kitware",
}
