@article{Park:2006:DSI,
    title = "Discrete Sibson interpolation",
    author = "S. W. Park and L. Linsen and O. Kreylos and J. D. Owens and B. Hamann",
    journal = "IEEE Transactions on Visualization and Computer Graphics",
    volume = "12",
    number = "2",
    month = mar # "\slash " # apr, 
    year = "2006",
    pages = "243--253",
  }

@inproceedings{Levoy:2000:TDM,
  author = "Marc Levoy and Kari Pulli and Brian Curless and Szymon Rusinkiewicz and David Koller and Lucas Pereira and Matt Ginzton and Sean Anderson and James Davis and Jeremy Ginsberg and Jonathan Shade and Duane Fulk",
  title = "The Digital Michelangelo Project",
  editor = "Kurt Akeley",
  booktitle = "Proceedings of SIGGRAPH 2000",
  publisher = "ACM Press / ACM SIGGRAPH",
  pages = "131--144",
  year = 2000,
  address = "New York",
  organization = "ACM",
  series = "Computer Graphics Proceedings, Annual Conference Series",
}

@inproceedings{Michael:2002:LockFreeHT,
  author={Maged M. Michael},
  title={High Performance Dynamic Lock-Free Hash Tables and List-Based Sets},
  booktitle={Proceedings of the ACM symposium on Parallel algorithms and
    architectures},
  pages = {73--82},
  year = {2002},
  address = {New York},
  organization = {ACM},
  note = {\url{http://dl.acm.org/citation.cfm?id=564870.564881}},
}

@article{Voreen:2009,
  author = {Jennis Meyer-Spradow AND Timo Ropinski AND J\"org Mensmann AND
            Klaus Hinrichs},
  title = {{Voreen: A Rapid-Prototyping Environment for Ray-Casting-Based
            Volume Visualizations}},
  journal = {IEEE Computer Graphics and Applications},
  number = {6},
  volume = {29},
  pages = {6--13},
  year = {2009},
  note = {\url{http://dx.doi.org/10.1109/MCG.2009.130}}
}

@article{Levoy:EarlyTermination,
  author = {Marc Levoy},
  title = {{Efficient Ray Tracing of Volume Data}},
  journal = {ACM Trans. Graph.},
  volume = {9},
  number = {3},
  year = {1990},
  issn = {0730-0301},
  pages = {245--261},
  doi = {http://doi.acm.org/10.1145/78964.78965},
  publisher = {ACM},
  address = {New York, NY, USA},
  note = {\url{http://doi.acm.org/10.1145/78964.78965}}
}

@InProceedings{Krueger:2003:ATGV,
  author =    "Jens Kr{\"u}ger and R{\"u}diger Westermann",
  title =     "{Acceleration Techniques for {GPU}-based {Volume} {Rendering}}",
  booktitle = "Proceedings IEEE Visualization 2003",
  year =      "2003",
}

@inproceedings{Marchesin:2008:MultiGPU,
  title = {{Multi-GPU Sort-Last Volume Visualization}},
  author= {S. Marchesin and C. Mongenet and J.-M. Dischler},
  booktitle = {EG Symposium on Parallel Graphics and Visualization (EGPGV'08),
               Eurographics},
  month = {April},
  year  = {2008},
}

@Inproceedings{Childs:2006:ScalableVR,
  author    = {Hank Childs and Mark Duchaineau and Kwan-Liu Ma},
  title = {A Scalable, Hybrid Scheme for Volume Rendering Massive Data Sets},
  booktitle = {Proceedings of Eurographics Symposium on Parallel Graphics and
               Visualization},
  year      = {2006},
  pages     = {153-162},
  month     = {May},
}

@inproceedings{Howison:2010:HybridVR, 
  author = {Mark Howison and E. Wes Bethel and Hank Childs},
  title = {{MPI-hybrid Parallelism for Volume Rendering on Large, Multi-core Systems}},
  booktitle = {Eurographics Symposium on Parallel Graphics and Visualization (EGPGV)},
  year = {2010},
  month = may,
  address = {Norrk\"{o}ping, Sweden}, 
  note = {LBNL-3297E},
}

@TechReport{Cullip:1993:AVRW,
  author =   {Cullip, T.J. and Neumann, U.},
  title =    {Accelerating Volume Reconstruction with {3D} Texture Hardware},
  institution =  {University of North Carolina, Chapel Hill N.C.},
  year =     {1993},
  number =   {TR93-027},
}

@InProceedings{Cabral:1994:AVRA,
  author =   {Cabral, B. and Cam, N. and Foran, J.},
  title =    "Accelerated volume rendering and tomographic reconstruction using texture mapping hardware",
  pages =    "91--98",
  booktitle = "Proceedings ACM Symposium on Volume Vis",
  year =     1994,
}

@InProceedings{Engel:2002:IHQV,
  author =   "Klaus Engel",
  editor = {Fellner, Dieter W. and Scopigno, Roberto},
  title =    "{Interactive High-Quality Volume Rendering with Flexible Consumer Graphics Hardware}",
  booktitle = {State of the Art Reports},
  publisher = {Eurographics},
  year = {2002},
}

@book{Engel:2006:RTVG,
 author = {Engel, Klaus and Hadwiger, Markus and Kniss, Joe M. and Rezk-salama, Christof and Weiskopf, Daniel},
 title = {Real-time Volume Graphics},
 year = {2006},
 isbn = {1568812663},
 publisher = {A. K. Peters, Ltd.},
}

@inproceedings{Engel:2004:RTVG,
	author = {Engel, Klaus and Hadwiger, Markus and Kniss, Joe M. and Lefohn,
	          Aaron E. and Salama, Christof Rezk and Weiskopf, Daniel},
	title = {Real-time Volume Graphics},
	booktitle = {ACM SIGGRAPH 2004 Course Notes},
	series = {SIGGRAPH '04},
	year = {2004},
	location = {Los Angeles, CA},
	articleno = {29},
	doi = {10.1145/1103900.1103929},
	acmid = {1103929},
	publisher = {ACM},
	address = {New York, NY, USA},
} 

@MISC{Indiana:2009:Voxx,
  author = "{Indiana University}",
  title =  "{Voxx: A Volume Rendering Program for 3D Microscopy}",
  year =   {2009},
  note = {\url{http://www.indiana.edu/~voxx/}},
}

@InProceedings{Crassin:2009:Gigavoxels,
  author = {Crassin, Cyril and Neyret, Fabrice and Lefebvre, Sylvain and
            Eisemann, Elmar},
  title = {GigaVoxels : Ray-Guided Streaming for Efficient and Detailed Voxel
           Rendering},
  booktitle = "ACM SIGGRAPH Symposium on Interactive 3D Graphics and Games
               (I3D)",
  month = "feb",
  year  = "2009",
  publisher = "ACM Press",
  organization = "ACM",
  address = "Boston, MA, Etats-Unis",
}

@InProceedings{Knoll:2010:BVH,
  author={Aaron Knoll AND Sebastian Thelen AND Ingo Wald AND Charles D. Hansen
          AND Hans Hagen AND Michael E. Papka},
  title={Full-Resolution Interactive CPU Volume Rendering with Coherent BVH
         Traversal},
  pages={3--10},
  booktitle = {Proceedings of the 2011 IEEE Pacific Visualization Symposium},
  year = {2011},
  note = {\url{http://dl.acm.org/citation.cfm?id=2015627}},
}

@article{Boada:2001:Multires,
  author = {Imma Boada AND Isabel Navazo AND Roberto Scopigno},
  title = {Multiresolution volume visualization with a texture-based octree},
  journal = {The Visual Computer},
  number = 3,
  pages = {185-197},
  volume = 17,
  year = 2001
}

@inproceedings{LaMar:2000:Multires,
  title = "Multiresolution Techniques for Interactive Texture-Based Volume
           Visualization",
  booktitle = "Visual Data Exploration and Analysis VII",
  author  = "Eric C. LaMar AND Mark A. Duchaineau AND Bernd Hamann AND
             Ken Joy",
  year  = "2000",
  pages = "365--374",
  volume  = "3960",
  organization  = "SPIE",
  publisher = "The International Society for Optical Engineering",
  address = "Bellingham, Washington",
  note = {\url{http://dl.acm.org/citation.cfm?id=834140}},
}

@inproceedings{Weiler:2000:LoD,
  author = {Manfred Weiler AND R\"{u}diger Westermann AND Chuck Hansen AND
            Kurt Zimmerman AND Thomas Ertl},
  title = {Level-of-detail volume rendering via 3D textures},
  booktitle = {Proceedings of the 2000 IEEE symposium on Volume visualization},
  series = {VVS '00},
  year = {2000},
  isbn = {1-58113-308-1},
  location = {Salt Lake City, Utah, United States},
  pages = {7--13},
  numpages = {7},
  note = {\url{http://doi.acm.org/10.1145/353888.353889}},
  doi = {10.1145/353888.353889},
  acmid = {353889},
  publisher = {ACM},
  address = {New York, NY, USA},
}

@inproceedings{Reichl:2012:HybridSurface,
  author = {F. Reichl AND M. G. Chajdas AND R. Westermann},
  title = {Hybrid Sample-based Surface Rendering},
  year = {2012},
  booktitle = {Proceedings of the workshop on Vision, Modeling, and
               Visualization (VMV 2012)},
  location = {Magdeburg},
}

@misc{Beyer:2012:DSM,
  author = {J. Beyer AND M. Hadwiger AND J. Schneider AND W.-K. Jeong AND H. Pfister},
  title = {Distributed Terascale Volume Visualization Using Distributed Shared Virtual
           Memory.},
  booktitle = {IEEE Symposium on Large-Scale Data Analysis and Visualization
               (LDAV)},
  howpublished = {Poster at IEEE Symposium on Large-Scale Data Analysis and
                  Visualization (LDAV)},
  year = {2012}
}
@misc{Engel:2012:CERA,
  author = {Klaus Engel},
  title = {{CERA-TVR}: A Framework for Interactive High-Quality
           Teravoxel Volume Visualization on Standard PCs},
  booktitle = {IEEE Symposium on Large-Scale Data Analysis and Visualization
               (LDAV)},
  howpublished = {Poster at IEEE Symposium on Large-Scale Data Analysis and
                  Visualization (LDAV)},
  year = {2012}
}

@inproceedings{Hadwiger:2012:Guided,
  author = {Markus Hadwiger AND Johanna Beyer AND Won-Ki Jeong AND Hanspeter
            Pfister},
  title = {Interactive Volume Exploration of Petascale Microscopy Data Streams
           Usign a Visualization-Driven Virtual Memory Approach},
  booktitle = {Proceedings of IEEE Visualization 2012},
  year = {2012},
}

@inproceedings{Howison:2010:MPIHybrid,
  author = {Mark Howison and E. Wes Bethel and Hank Childs},
  title = {{MPI-hybrid Parallelism for Volume Rendering on Large, Multi-core
            Systems}},
  booktitle = {Eurographics Symposium on Parallel Graphics and Visualization
               (EGPGV)},
  year = {2010},
  month = May,
  address = {Norrk\"{o}ping, Sweden}, 
  note = {LBNL-3297E},
}

@InProceedings{Dick:2009:Terrain,
  author =       {Christian Dick and Jens Kr{\"{u}}ger and R{\"{u}}diger
                  Westermann},
  title =        {{GPU} Ray-Casting for Scalable Terrain Rendering},
  booktitle =    {Proceedings of Eurographics 2009 - Areas Papers},
  pages =        {43--50},
  year =         {2009},
}

@article{Parker:2010:Optix,
  author = {Steven G. Parker and James Bigler and Andreas Dietrich and Heiko
            Friedrich and Jared Hoberock and David Luebke and David McAllister
            and Morgan McGuire and Keith Morley and Austin Robison and Martin Stich},
  title = {OptiX: A General Purpose Ray Tracing Engine},
  year = {2010},
  month = {August},
  journal = {ACM Transactions on Graphics}
}

@article{Owens:2007:GPGPU,
  title = "A Survey of General-Purpose Computation on Graphics Hardware",
  journal = "Computer Graphics Forum",
  author  = "John D. Owens AND David Luebke AND Naga Govindaraju AND Mark
             Harris AND Jens Kr{\"u}ger AND Aaron Lefohn AND Timothy J. Purcell",
  year  = "2007",
  url = "http://www.blackwell-synergy.com/doi/pdf/10.1111/j.1467-8659.2007.01012.x",
  pages = "80--113",
  volume  = "26",
  number  = "1",
}

@article{Boada:2001:Octree,
    author = {Boada, Imma and Navazo, Isabel and Scopigno, Roberto},
    doi = {10.1007/PL00013406},
    journal = {The Visual Computer},
    month = may,
    number = {3},
    pages = {185--197},
    posted-at = {2009-10-07 17:28:18},
    priority = {2},
    title = {{Multiresolution volume visualization with a texture-based
              octree}},
    url = {http://dx.doi.org/10.1007/PL00013406},
    volume = {17},
    year = {2001}
}

@Article{Gobbetti:2008:VR,
  author = {Enrico Gobbetti and Fabio Marton and {Jos\'e Antonio} {Iglesias
            Guiti\'an}},
  title = {A single-pass {GPU} ray casting framework for interactive
           out-of-core rendering of massive volumetric datasets},
  journal = {The Visual Computer},
  volume = {24},
  number = {7},
  month = jul,
  year = {2008},
  issn = {0178-2789},
  pages = {797--806},
  numpages = {10},
  doi = {10.1007/s00371-008-0261-9},
  publisher = {Springer-Verlag New York, Inc.},
  address = {Secaucus, NJ, USA},
  note = {\url{http://dx.doi.org/10.1007/s00371-008-0261-9}},
}

@inproceedings{Lux:2011:RCHeight,
author = {Lux, Christopher and Fr{\"o}hlich, Bernd},
title = {{GPU-based ray casting of stacked out-of-core height fields}},
booktitle = {ISVC'11: Proceedings of the 7th international conference on
Advances in visual computing},
year = {2011},
publisher = { Springer-Verlag},
month = sep,
read = {Yes},
rating = {0},
date-added = {2012-08-07T07:21:14GMT},
date-modified = {2012-09-27T06:32:39GMT},
url =
{http://portal.acm.org/citation.cfm?id=2045110.2045140&coll=DL&dl=ACM&CFID=137425133&CFTOKEN=94820798},
local-url =
{file://localhost/Users/alx/Library/Application%20Support/Papers2/Articles/2011/Lux/2011%20Lux.pdf},
file = {{2011 Lux.pdf:/Users/alx/Library/Application
Support/Papers2/Articles/2011/Lux/2011 Lux.pdf:application/pdf}},
}

@article{Hernell:2010:LAO,
  author = {Frida Hernell AND Patric Ljung AND Anders Ynnerman},
  title = {{Local Ambient Occlusion in Direct Volume Rendering}},
  journal = {IEEE Transactions on Visualization and Computer Graphics},
  volume = 16,
  number = 4,
  year = 2012,
  note = {\url{http://dx.doi.org/10.1109/TVCG.2009.45}}
}

@inproceedings{Schott:2009:DAOVR,
  author = {Matthias Schott AND Vincent Pegoraro AND Charles Hansen AND
            Kevin Boulanger AND Kadi Bouatouch},
  title = {{A Directional Occlusion Model for Interactive Direct Volume
            Rendering}},
  booktitle = {EG Symposium on Visualization (IEEE-VGTC '09)},
  volume = 28,
  number = 3,
  year = 2009
}

@inproceedings{PorterDuff:1984:Compositing,
  author = {Porter, Thomas and Duff, Tom},
  title = {Compositing Digital Images},
  booktitle = {Proceedings of the 11th Annual Conference on Computer Graphics
               and Interactive Techniques},
  series = {SIGGRAPH '84},
  year = {1984},
  isbn = {0-89791-138-5},
  pages = {253--259},
  numpages = {7},
  url = {http://doi.acm.org/10.1145/800031.808606},
  doi = {10.1145/800031.808606},
  acmid = {808606},
  publisher = {ACM},
  address = {New York, NY, USA},
}

@incollection{Kniss:2005:Multidim,
	title = "Multidimensional Transfer Functions for Volume Rendering ",
	author = "Joe Kniss and Gordon Kindlmann and Charles D. Hansen",
	editor = "Johnson, Charles D. Hansen Chris R. ",
	booktitle = "Visualization Handbook ",
	publisher = "Butterworth-Heinemann",
	address = "Burlington",
	year = "2005",
	pages = "189 - XVII",
	isbn = "978-0-12-387582-2",
	doi = "http://dx.doi.org/10.1016/B978-012387582-2/50011-3",
	url = "http://www.sciencedirect.com/science/article/pii/B9780123875822500113",
}

@inproceedings{Roettger:2005:Spatialized,
	booktitle = {EuroVis 2005: Eurographics / IEEE VGTC Symposium on
	             Visualization},
	editor = {Ken Brodlie and David Duke and Ken Joy},
	title = {{Spatialized Transfer Functions}},
	author = {R\"ottger, Stefan and Bauer, Michael and Stamminger, Marc},
	year = {2005},
	publisher = {The Eurographics Association},
	ISSN = {1727-5296},
	ISBN = {3-905673-19-3},
	DOI = {10.2312/VisSym/EuroVis05/271-278}
}

@ARTICLE{Correa:2008:Size-based,
	author={Correa, C. and Kwan-Liu Ma},
	journal={Visualization and Computer Graphics, IEEE Transactions on},
	title={Size-based Transfer Functions: A New Volume Exploration Technique},
	year={2008},
	month={Nov},
	volume={14},
	number={6},
	pages={1380-1387},
	doi={10.1109/TVCG.2008.162},
	ISSN={1077-2626},
}

@INPROCEEDINGS{Correa:2005:Motion,
	author={Correa, C. and Silver, D.},
	booktitle={Visualization, 2005. VIS 05. IEEE},
	title={Dataset traversal with motion-controlled transfer functions},
	year={2005},
	month={Oct},
	pages={359-366},
	doi={10.1109/VISUAL.2005.1532817},
}

@article{Weber:2007:Topology,
	author = {Gunther Weber AND S. Dillard AND H. Carr AND Valerio Pascucci AND
            B. Hamann},
	title = {Topology-Controlled Volume Rendering},
	journal ={IEEE Transactions on Visualization and Computer Graphics},
	volume = {13},
	number = {2},
	issn = {1077-2626},
	year = {2007},
	pages = {330-341},
	doi = {http://doi.ieeecomputersociety.org/10.1109/TVCG.2007.47},
	publisher = {IEEE Computer Society},
	address = {Los Alamitos, CA, USA},
}

@inproceedings{Bruckner:2007:Style,
	author = {S. Bruckner and M. E. Gr{\"o}ller},
	title = {Style Transfer Functions for Illustrative Volume Rendering},
	journal = {Computer Graphics Forum},
	year = {2007},
	month = {Sep},
	pages = {715--724},
	issue = {26},
}

@incollection{Viola:2005:Illustrative,
  author = {Ivan Viola and Gr{\"o}ller, Meister Eduard and Markus Hadwiger and
            Katja B{\"u}hler and Bernhard Preim and David Ebert},
  editor = {Ming Lin and Celine Loscos},
  optchapter = {},
  publisher = {The Eurographics Association and The Image Synthesis Group},
  booktitle = {Tutorials of Eurographics},
	month = {August},
  optvolume = {},
  optnumber = {},
  title = {Illustrative Visualization},
  year = {2005},
  pages = {187-329},
}

@article{Wang:2005:Lens,
	author = {Lujin Wang and Ye Zhao and Klaus Mueller and Arie Kaufman},
	title = {The Magic Volume Lens: An Interactive Focus+Context Technique
	         for Volume Rendering},
	journal ={Visualization Conference, IEEE},
	volume = {0},
	isbn = {0-7803-9462-3},
	year = {2005},
	pages = {47},
	doi = {http://doi.ieeecomputersociety.org/10.1109/VIS.2005.100},
	publisher = {IEEE Computer Society},
	address = {Los Alamitos, CA, USA},
}

@article{Krueger:2006:ClearView,
	title={{ClearView}: An interactive context preserving hotspot visualization
	       technique},
	author={Jens Kr{\"u}ger AND Jens Schneider and R{\"u}diger Westermann},
	journal={IEEE Transactions on Visualization and Computer Graphics},
	pages={941--948},
	year={2006},
	publisher={IEEE Computer Society}
}

@misc{VolPack,
	url={http://graphics.stanford.edu/software/volpack/},
	year={1995},
	title={Compute Graphics at Stanford University: The VolPack Volume Rendering
	       Library},
}

@misc{Simian,
	author={Joe Kniss AND Gordon Kindlmann AND Chuck Hansen},
	title={Simian},
	year={2002},
	url={http://www.cs.utah.edu/~jmk/simian/}
}

@misc{OGLE,
	author={Colorado Research Associates Division of Northwest Research
	        Associates, Inc.},
	title = {OGLE Large-Scale Scientific Data Visualizer},
	year = {2002},
}

@misc{OpenQVis,
	author={Rezk-Salama, C. AND Engel, Klaus AND Higuera, F. V.},
	title={The OpenQVis Project},
	year={2002},
	url={http://openqvis.sourceforge.net/},
}

@inproceedings{Bruckner:2005:VolumeShop,
  author = {Stefan Bruckner and Eduard Gr{\"o}ller},
  editor = {Cl{\'a}udio T. Silva and Eduard Gr{\"o}ller and Holly Rushmeier},
  url = {http://doi.ieeecomputersociety.org/10.1109/VIS.2005.135},
  publisher = IEEEPub,
  doi = {http://dx.doi.org/10.1109/VIS.2005.135},
  booktitle = {Proceedings of IEEE Visualization (VIS 2005, October 23--28,
               2005, Minneapolis, MN, USA)},
  title = {{V}olume{S}hop: {A}n {I}nteractive {S}ystem for {D}irect {V}olume
           {I}llustration},
  year = {2005},
  pages = {671--678},
}

@article{Tian:2008:MITK,
	author = {J. Tian AND J. Xue AND Y. Dai AND J. Chen AND J. Zheng},
	title = {A novel software platform for medical image processing and
	         analyzing},
	journal = {IEEE Transactions on Information Technology in Biomedicine},
	volume = {6},
	year = {2008},
	pages = {800--812},
}

@misc{OsiriX,
	author = {A. Rosset},
	title = {OsiriX},
	year = {2015},
	url = {http://www.osirix-viewer.com/},
}

@inproceedings{Yoo:2002:ITK,
	author = {Terry S. Yoo AND Michael J. Ackerman AND William E. Lorensen AND
	          Will Schroeder AND Vikram Chalana AND Stephen Aylward AND
	          Dimitris Metaxas AND Ross Whitaker},
	title = {Engineering and Algorithm Design for an Image Processing {API}: A
	         Technical Report on {ITK} - the Insight Toolkit},
	year = {2002},
  booktitle = {Proceedings of Medicine meets Virtual Reality},
	volume = {85},
	pages = {586--592},
}

@inproceedings{Yoo:2000:VHuman,
	author = {M.J. Ackerman AND T.S. Yoo AND D. Jenkins},
	title = {The Visible Human Project: From Data to Knowledge},
	booktitle = {Proceedings of Computer Assisted Radiology and Surgery},
	year = {2000},
	pages = {11--16},
}

@article{Molnar:1994:ParRen,
	author = {S. Molnar AND M. Cox AND D. Ellsworth AND H. Fuchs},
	title = {A sorting classification of parallel rendering},
	year = {1994},
	month = {July},
	volume = {14},
	number = {4},
	pages = {23-32},
}

%url = {http://dx.doi.org/10.1145/166181.166182},
@inproceedings{Hsu:1993:SRC,
	author = {William M. Hsu},
	title = {Segmented ray casting for data parallel volume rendering},
	booktitle = {Proceedings of the 1993 symposium on Parallel rendering},
	year = {1993},
	pages = {7--14},
	address = {New York, NY, USA},
	doi = {10.1145/166181.166182},
	publisher = {ACM},
	month = {Oct},
}

%url = {http://dx.doi.org/10.1145/166181.166182},
@inproceedings{Ma:1993:DSend,
	author = {Kwan-Liu Ma AND J.S. Painter AND C.D. Hansen AND M.F. Krogh},
	title = {A data distributed, parallel algorithm for ray-traced volume
	         rendering},
	booktitle = {Proceedings of the 1993 symposium on Parallel rendering},
	year = {1993},
	address = {New York, NY, USA},
	doi = {10.1145/166181.166182},
	publisher = {ACM},
	month = {Oct},
}
